<record><leader>00000cas a22000007a 4500</leader><controlfield tag="001">10352041</controlfield><controlfield tag="008">840130d18711884couwr ne      0    0eng d</controlfield><datafield ind1=" " ind2=" " tag="010"><subfield code="a">sn 84022332 </subfield></datafield><datafield ind1=" " ind2=" " tag="040"><subfield code="a">NPX</subfield><subfield code="b">eng</subfield><subfield code="c">NPX</subfield><subfield code="d">NPU</subfield><subfield code="d">NPT</subfield><subfield code="d">CNQ</subfield><subfield code="d">CNW</subfield><subfield code="d">OCLCQ</subfield><subfield code="d">OCLCF</subfield><subfield code="d">OCLCO</subfield></datafield><datafield ind1="1" ind2=" " tag="029"><subfield code="a">AU@</subfield><subfield code="b">000020410497</subfield></datafield><datafield ind1=" " ind2=" " tag="042"><subfield code="a">msc</subfield></datafield><datafield ind1=" " ind2=" " tag="043"><subfield code="a">n-us-co</subfield></datafield><datafield ind1="0" ind2=" " tag="130"><subfield code="a">Denver tribune (Denver, Colo. : Weekly)</subfield></datafield><datafield ind1="1" ind2="4" tag="245"><subfield code="a">The Denver tribune.</subfield></datafield><datafield ind1="3" ind2="0" tag="246"><subfield code="a">Weekly Denver tribune</subfield></datafield><datafield ind1="3" ind2="0" tag="246"><subfield code="a">Denver weekly tribune</subfield></datafield><datafield ind1="3" ind2="0" tag="246"><subfield code="a">Weekly tribune</subfield></datafield><datafield ind1=" " ind2=" " tag="260"><subfield code="a">Denver, Colo. :</subfield><subfield code="b">Denver Tribune Association</subfield></datafield><datafield ind1=" " ind2=" " tag="300"><subfield code="a">v.</subfield></datafield><datafield ind1=" " ind2=" " tag="310"><subfield code="a">Weekly</subfield></datafield><datafield ind1="1" ind2=" " tag="362"><subfield code="a">Began Feb. 1, 1871; ceased in 1884.</subfield><subfield code="z">Cf. McMurtrie, d. C. Early print. in Colo.</subfield></datafield><datafield ind1=" " ind2=" " tag="500"><subfield code="a">Published as: Weekly Denver tribune, Mar. 9, 1881.</subfield></datafield><datafield ind1=" " ind2=" " tag="530"><subfield code="a">Available on microfilm from the Colorado Historical Society.</subfield></datafield><datafield ind1=" " ind2=" " tag="580"><subfield code="a">Daily eds.: Denver tribune (Denver, Colo. : 1871), and: Denver daily tribune, and: Denver tribune (Denver, Colo. : 1879).</subfield></datafield><datafield ind1=" " ind2=" " tag="588"><subfield code="a">Description based on: Vol. 6, no. 35 (Sept. 11, 1872).</subfield></datafield><datafield ind1=" " ind2="0" tag="651"><subfield code="a">Denver (Colo.)</subfield><subfield code="v">Newspapers.</subfield></datafield><datafield ind1=" " ind2="7" tag="655"><subfield code="a">Newspapers.</subfield><subfield code="2">fast</subfield><subfield code="0">(OCoLC)fst01423814</subfield></datafield><datafield ind1=" " ind2="7" tag="651"><subfield code="a">Colorado</subfield><subfield code="z">Denver.</subfield><subfield code="2">fast</subfield><subfield code="0">(OCoLC)fst01205192</subfield></datafield><datafield ind1=" " ind2=" " tag="752"><subfield code="a">United States</subfield><subfield code="b">Colorado</subfield><subfield code="c">Denver</subfield><subfield code="d">Denver.</subfield></datafield><datafield ind1=" " ind2=" " tag="752"><subfield code="a">United States</subfield><subfield code="b">Colorado</subfield><subfield code="c">Arapahoe</subfield><subfield code="d">Denver.</subfield></datafield><datafield ind1="1" ind2=" " tag="775"><subfield code="t">Denver tribune (Denver, Colo. : 1871)</subfield><subfield code="w">(DLC)sn 84022331</subfield></datafield><datafield ind1="1" ind2=" " tag="775"><subfield code="t">Denver daily tribune</subfield><subfield code="w">(DLC)sn 82014227</subfield></datafield><datafield ind1="1" ind2=" " tag="775"><subfield code="t">Denver tribune (Denver, Colo. : 1879)</subfield><subfield code="w">(DLC)sn 86063227</subfield></datafield><datafield ind1="0" ind2="0" tag="780"><subfield code="t">Colorado tribune (Denver, Colo. : 1869)</subfield><subfield code="w">(DLC)sn 91052075</subfield></datafield><datafield ind1="0" ind2="7" tag="785"><subfield code="t">Weekly republican (Denver, Colo. : 1878)</subfield><subfield code="w">(DLC)sn 91052370</subfield></datafield><datafield ind1="0" ind2="7" tag="785"><subfield code="t">Weekly tribune-republican</subfield><subfield code="w">(DLC)sn 86066865</subfield></datafield></record>